@article{Alur:95,
  author    = {Rajeev Alur and
               Costas Courcoubetis and
               Nicolas Halbwachs and
               Thomas A. Henzinger and
               Pei-Hsin Ho and
               Xavier Nicollin and
               Alfredo Olivero and
               Joseph Sifakis and
               Sergio Yovine},
  title     = {The Algorithmic Analysis of Hybrid Systems},
  journal   = {Theor. Comput. Sci.},
  volume    = {138},
  number    = {1},
  year      = {1995},
  pages     = {3-34},
  ee        = {http://dx.doi.org/10.1016/0304-3975(94)00202-T},
  bibsource = {DBLP, http://dblp.uni-trier.de}
}

@article{gazit:95,
  author    = {Hadas Kress-Gazit and
               Georgios E. Fainekos and
               George J. Pappas},
  title     = {Temporal-Logic-Based Reactive Mission and Motion Planning},
  journal   = {IEEE Transactions on Robotics},
  volume    = {25},
  number    = {6},
  year      = {2009},
  pages     = {1370-1381},
  ee        = {http://dx.doi.org/10.1109/TRO.2009.2030225},
  bibsource = {DBLP, http://dblp.uni-trier.de}
}

@inproceedings{pnueli:VMCAI06,
   author              = {Nir Piterman and 
                          Amir Pnueli and 
                          Yaniv Sa'ar},
   title               = {Synthesis of Reactive(1) Designs.},
   booktitle           = {VMCAI},
   year                = {2006},
   pages               = {364-380},
   ee                  = {http://dx.doi.org/10.1007/11609773_24}
}

@inproceedings{pcousot:78,
  author    = {Patrick Cousot and
               Nicolas Halbwachs},
  title     = {Automatic Discovery of Linear Restraints Among Variables
               of a Program},
  booktitle = {POPL},
  year      = {1978},
  pages     = {84-96},
  ee        = {http://doi.acm.org/10.1145/512760.512770},
  bibsource = {DBLP, http://dblp.uni-trier.de}
}

