@inproceedings{ssriram:CAV03,
	author = { Col√≤n, M. and  Sriram, Sankaranarayanan and Henny, Sipma},
	booktitle = {  Computer Aided Verification },
	title = {Linear invariant generation using non-linear constraint solving},
	year = { 2003}
}

@inproceedings{ssriram:SAS04,
	author = { Sriram, Sankaranarayanan and Henny, Sipma and Zohar, Manna },
	booktitle = {  Symposium on Static Analysis },
	title = {Constraint-Based Linear-Relations Analysis},
	year = { 2004}
}

@inproceedings{dirk:VMCAI07,
 author = {Beyer, Dirk and Henzinger, Thomas A. and Majumdar, Rupak and Rybalchenko, Andrey},
 title = {Invariant synthesis for combined theories},
 booktitle = {Proceedings of the 8th international conference on Verification, model checking, and abstract interpretation},
 series = {VMCAI'07},
 year = {2007},
 isbn = {978-3-540-69735-0},
 location = {Nice, France},
 pages = {378--394},
 numpages = {17},
 url = {http://dl.acm.org/citation.cfm?id=1763048.1763087},
 acmid = {1763087},
 publisher = {Springer-Verlag},
 address = {Berlin, Heidelberg},
} 

