@inproceedings{cousot:VMCAI05,
  author    = {Patrick Cousot},
  title     = {Proving Program Invariance and Termination by Parametric
               Abstraction, Lagrangian Relaxation and Semidefinite Programming},
  booktitle = {VMCAI},
  year      = {2005},
  pages     = {1-24},
  ee        = {http://dx.doi.org/10.1007/978-3-540-30579-8_1},
  bibsource = {DBLP, http://dblp.uni-trier.de}
}

@inproceedings{rjhala:ESOP13,
  author    = {Niki Vazou and
               Patrick Maxim Rondon and
               Ranjit Jhala},
  title     = {Abstract Refinement Types},
  booktitle = {ESOP},
  year      = {2013},
  pages     = {209-228},
  ee        = {http://dx.doi.org/10.1007/978-3-642-37036-6_13},
  bibsource = {DBLP, http://dblp.uni-trier.de}
}

@inproceedings{sujag:VMCAI13,
  author    = {He Zhu and
               Suresh Jagannathan},
  title     = {Compositional candidacyand Lightweight Dependent Type Inference for
               ML},
  booktitle = {VMCAI},
  year      = {2013},
  pages     = {295-314},
  ee        = {http://dx.doi.org/10.1007/978-3-642-35873-9_19},
  bibsource = {DBLP, http://dblp.uni-trier.de}
}


@inproceedings{ssriram:CAV03,
  author    = {Michael Col{\'o}n and
               Sriram Sankaranarayanan and
               Henny Sipma},
  title     = {Linear Invariant Generation Using Non-linear Constraint
               Solving},
  booktitle = {CAV},
  year      = {2003},
  pages     = {420-432},
  ee        = {http://springerlink.metapress.com/openurl.asp?genre=article{\&}issn=0302-9743{\&}volume=2725{\&}spage=420},
  bibsource = {DBLP, http://dblp.uni-trier.de}
}

@inproceedings{ssriram:SAS04,
  author    = {Sriram Sankaranarayanan and
               Henny B. Sipma and
               Zohar Manna},
  title     = {Constraint-Based Linear-Relations Analysis},
  booktitle = {SAS},
  year      = {2004},
  pages     = {53-68},
  ee        = {http://dx.doi.org/10.1007/978-3-540-27864-1_7},
  bibsource = {DBLP, http://dblp.uni-trier.de}
}


@inproceedings{dirk:VMCAI07,
  author    = {Dirk Beyer and
               Thomas A. Henzinger and
               Rupak Majumdar and
               Andrey Rybalchenko},
  title     = {Invariant Synthesis for Combined Theories},
  booktitle = {VMCAI},
  year      = {2007},
  pages     = {378-394},
  ee        = {http://dx.doi.org/10.1007/978-3-540-69738-1_27},
  bibsource = {DBLP, http://dblp.uni-trier.de}
} 

@inproceedings{psuter:SAS11,
  author    = {Philippe Suter and
               Ali Sinan K{\"o}ksal and
               Viktor Kuncak},
  title     = {Satisfiability Modulo Recursive Programs},
  booktitle = {SAS},
  year      = {2011},
  pages     = {298-315},
  ee        = {http://dx.doi.org/10.1007/978-3-642-23702-7_23},
  bibsource = {DBLP, http://dblp.uni-trier.de}
}

@inproceedings{dirk:PLDI07,
  author = {Beyer, Dirk and Henzinger, Thomas A. and Majumdar, Rupak},
  title     = {Path invariants},
  booktitle = {PLDI},
  year      = {2007},
  pages     = {300-309},
  ee        = {http://doi.acm.org/10.1145/1250734.1250769},
  bibsource = {DBLP, http://dblp.uni-trier.de}
}


@inproceedings{rjhala:PLDI08,
  author    = {Patrick Maxim Rondon and
               Ming Kawaguchi and
               Ranjit Jhala},
  title     = {Liquid types},
  booktitle = {PLDI},
  year      = {2008},
  pages     = {159-169},
  ee        = {http://doi.acm.org/10.1145/1375581.1375602},
  bibsource = {DBLP, http://dblp.uni-trier.de}
}

@inproceedings{vkuncak:PLDI10,
  author    = {Viktor Kuncak and
               Mika{\"e}l Mayer and
               Ruzica Piskac and
               Philippe Suter},
  title     = {Complete functional synthesis},
  booktitle = {PLDI},
  year      = {2010},
  pages     = {316-329},
  ee        = {http://doi.acm.org/10.1145/1806596.1806632},
  bibsource = {DBLP, http://dblp.uni-trier.de}
}

@article{moura:ACM11,
  author    = {Leonardo Mendon\c{c}a de Moura and
               Nikolaj Bj{\o}rner},
  title     = {Satisfiability modulo theories: introduction and applications},
  journal   = {Commun. ACM},
  volume    = {54},
  number    = {9},
  year      = {2011},
  pages     = {69-77},
  ee        = {http://doi.acm.org/10.1145/1995376.1995394},
  bibsource = {DBLP, http://dblp.uni-trier.de}
}

@inproceedings{aws:CAV12,
  author    = {Aws Albarghouthi and
               Yi Li and
               Arie Gurfinkel and
               Marsha Chechik},
  title     = {Ufo: A Framework for Abstraction- and Interpolation-Based
               Software Verification},
  booktitle = {CAV},
  year      = {2012},
  pages     = {672-678},
  ee        = {http://dx.doi.org/10.1007/978-3-642-31424-7_48},
  bibsource = {DBLP, http://dblp.uni-trier.de}
}
